<record><leader>00000cas a2200000 a 4500</leader><controlfield tag="001">13343564</controlfield><controlfield tag="008">860325d19201926moudn ne      0    0eng d</controlfield><datafield ind1=" " ind2=" " tag="010"><subfield code="a">sn 86063283 </subfield></datafield><datafield ind1=" " ind2=" " tag="040"><subfield code="a">KSH</subfield><subfield code="b">eng</subfield><subfield code="c">KSH</subfield><subfield code="d">NPT</subfield><subfield code="d">MQN</subfield><subfield code="d">OCL</subfield><subfield code="d">OCLCQ</subfield></datafield><datafield ind1=" " ind2=" " tag="042"><subfield code="a">msc</subfield></datafield><datafield ind1="0" ind2="0" tag="245"><subfield code="a">Linn County daily budget.</subfield></datafield><datafield ind1=" " ind2=" " tag="260"><subfield code="a">Brookfield, Mo. :</subfield><subfield code="b">J.D. Mendenhall &amp; Nellie E. Hannon,</subfield><subfield code="c">1920-1926.</subfield></datafield><datafield ind1=" " ind2=" " tag="300"><subfield code="a">v. :</subfield><subfield code="b">ill. ;</subfield><subfield code="c">56 cm.</subfield></datafield><datafield ind1=" " ind2=" " tag="310"><subfield code="a">Daily (except Sun.)</subfield></datafield><datafield ind1="0" ind2=" " tag="362"><subfield code="a">Vol. 24, no. 103 (Dec. 14, 1920)-v. 6, no. 260 (Oct. 13, 1926).</subfield></datafield><datafield ind1=" " ind2=" " tag="515"><subfield code="a">Numbering changed from vol. 25, no. 390 (Apr. 20, 1922) to v. 2, no. 107 (Apr. 21, 1922).</subfield></datafield><datafield ind1=" " ind2=" " tag="752"><subfield code="a">United States</subfield><subfield code="b">Missouri</subfield><subfield code="c">Linn</subfield><subfield code="d">Brookfield.</subfield></datafield><datafield ind1="0" ind2="0" tag="780"><subfield code="t">Linn County budget (Brookfield, Mo. : 1905)</subfield><subfield code="w">(DLC)sn 89066114</subfield></datafield><datafield ind1="0" ind2="0" tag="785"><subfield code="t">Linn County budget (Brookfield, Mo. : 1926)</subfield><subfield code="w">(DLC)sn 89066115</subfield></datafield><datafield ind1="1" ind2=" " tag="029"><subfield code="a">AU@</subfield><subfield code="b">000022167770</subfield></datafield></record>